@ARTICLE{Furber2014,
author={Furber, S.B. and Galluppi, F. and Temple, S. and Plana, L.A.},
journal={Proceedings of the IEEE},
title={The {SpiNNaker} {P}roject},
year={2014},
volume={102},
number={5},
pages={652-665},
doi={10.1109/JPROC.2014.2304638},
ISSN={0018-9219},
month={May},}

@article{Boahen2000,
  title={Point-to-point connectivity between neuromorphic chips using address events},
  author={Boahen, Kwabena and others},
  journal={Circuits and Systems II: Analog and Digital Signal Processing, IEEE Transactions on},
  volume={47},
  number={5},
  pages={416--434},
  year={2000},
  publisher={IEEE}
}

@ARTICLE{Liu2002,
author={Huan Liu},
journal={Micro, IEEE},
title={Routing table compaction in ternary CAM},
year={2002},
volume={22},
number={1},
pages={58-64},
doi={10.1109/40.988690},
ISSN={0272-1732},
month={Jan},}

@article{Navaridas2015,
title = {{SpiNNaker}: Enhanced multicast routing},
journal = "Parallel Computing ",
volume = "45",
number = "",
pages = "49 - 66",
year = "2015",
note = "Computing Frontiers 2014: Best Papers ",
issn = "0167-8191",
doi = "http://dx.doi.org/10.1016/j.parco.2015.01.002",
url = "http://www.sciencedirect.com/science/article/pii/S0167819115000095",
author = "Javier Navaridas and Mikel Luj\'an and Luis A. Plana and Steve Temple and Steve B. Furber",
}

@book{Brayton1984,
  title={Logic minimization algorithms for VLSI synthesis},
  author={Brayton, Robert K},
  volume={2},
  year={1984},
  publisher={Springer Science \& Business Media}
}
